<record xmlns:xsi="http://www.w3.org/2001/XMLSchema-instance" xmlns="http://www.loc.gov/MARC21/slim" xsi:schemaLocation="http://www.loc.gov/MARC21/slim http://www.loc.gov/standards/marcxml/schema/MARC21slim.xsd">

  <leader>00728nam a22002057a 4500</leader>
  <datafield ind1=" " tag="999" ind2=" ">
    <subfield code="c">3536</subfield>
    <subfield code="d">3536</subfield>
  </datafield>
  <controlfield tag="008">180712b2006    cr a|||| |||| 00| | spa d</controlfield>
  <datafield tag="090" ind1=" " ind2=" ">
    <subfield code="a">02.05.03</subfield>
    <subfield code="b">2482</subfield>
  </datafield>
  <datafield ind2=" " tag="100" ind1=" ">
    <subfield code="9">4011</subfield>
    <subfield code="a">Van Der Laat, Carlos</subfield>
  </datafield>
  <datafield tag="245" ind1="1" ind2="0">
    <subfield code="a">Niñez y adolescencia indígena en Costa Rica: Su derecho a la salud y a la educación /</subfield>
    <subfield code="c"> elaborado por Carlos Van Der Laat y Juan Carlos Santa Cruz</subfield>
  </datafield>
  <datafield ind2=" " tag="260" ind1=" ">
    <subfield code="a">Costa Rica : </subfield>
    <subfield code="b">UNICEF,</subfield>
    <subfield code="c">2006</subfield>
  </datafield>
  <datafield ind1=" " tag="300" ind2=" ">
    <subfield code="a">123 páginas;</subfield>
    <subfield code="b">ilustraciones</subfield>
  </datafield>
  <datafield ind2="4" ind1="1" tag="650">
    <subfield code="9">1009</subfield>
    <subfield code="a">BIENESTAR DE LA INFANCIA</subfield>
  </datafield>
  <datafield tag="650" ind1="1" ind2="4">
    <subfield code="9">59</subfield>
    <subfield code="a">NIÑOS</subfield>
  </datafield>
  <datafield ind1="1" tag="650" ind2="4">
    <subfield code="9">5</subfield>
    <subfield code="a">ADOLESCENTES</subfield>
  </datafield>
  <datafield ind1="1" tag="650" ind2="4">
    <subfield code="9">599</subfield>
    <subfield code="a">DERECHO A LA EDUCACIÓN</subfield>
  </datafield>
  <datafield ind2="4" ind1="1" tag="650">
    <subfield code="9">4014</subfield>
    <subfield code="a">DERECHO A LA SALUD</subfield>
  </datafield>
  <datafield ind2="4" ind1="1" tag="650">
    <subfield code="9">427</subfield>
    <subfield code="a">INDÍGENAS</subfield>
  </datafield>
  <datafield ind1=" " tag="700" ind2=" ">
    <subfield code="9">4016</subfield>
    <subfield code="a">Santa Cruz, Juan Carlos</subfield>
  </datafield>
  <datafield ind1=" " tag="942" ind2=" ">
    <subfield code="2">z</subfield>
    <subfield code="c">01</subfield>
  </datafield>
</record>